<?xml version="1.0" encoding="UTF-8"?><collection xmlns="http://www.loc.gov/MARC21/slim"><record><leader>00448nam--2200157-i-4500</leader><controlfield tag="001">000016947</controlfield><controlfield tag="002">20161230</controlfield><controlfield tag="005">20170210012341</controlfield><controlfield tag="008">060222s1000------------r-----000-0-eng-d</controlfield><datafield ind1=" " ind2=" " tag="100"><subfield code="a">Cotaescu, Ion I</subfield></datafield><datafield ind1=" " ind2=" " tag="245"><subfield code="a">Metode moderne in teoria cuantica a cimpului: formalismul de reducere</subfield></datafield><datafield ind1=" " ind2=" " tag="260"><subfield code="a">Timisoara</subfield><subfield code="b">Universitatea Din Timisoara</subfield><subfield code="c">1989</subfield></datafield><datafield ind1=" " ind2=" " tag="300"><subfield code="a">61 p</subfield></datafield><datafield ind1=" " ind2=" " tag="490"><subfield code="a">Monografii De Fizica</subfield></datafield><datafield ind1=" " ind2=" " tag="852"><subfield code="a">530.145</subfield></datafield><datafield ind1=" " ind2=" " tag="CAT"><subfield code="a">SYS</subfield><subfield code="c">20170210</subfield><subfield code="h">012341</subfield></datafield></record></collection>